%% This BibTeX bibliography file was created using BibDesk.
%% http://bibdesk.sourceforge.net/


%% Created for Luis Marti at 2008-05-08 10:54:01 -0400 


%% Saved with string encoding Western (ASCII) 

@article{Rokicki:2008,
  author    = {Tomas Rokicki},
  title     = {Twenty-Five Moves Suffice for Rubik's Cube},
  journal   = {CoRR},
  volume    = {abs/0803.3435},
  year      = {2008},
  ee        = {http://arxiv.org/abs/0803.3435},
  bibsource = {DBLP, http://dblp.uni-trier.de}
}


@book{Schwefel:1975,
        title = {Numerical Optimization of Computer Models},
        author = {Schwefel, Hans--Paul},
        publisher = {John Wiley},
        year = 1981,
        notes = {translation of dissertation plus extra paragraph on correlated mutations along a research report of 1975}
      
  }
  

@book{Rechenberg:1994,
        title = {Evolutionsstrategie 94},
        address = {Stuttgart},
        author = {Ingo Rechenberg},
        publisher = {Frommann-Holzboog},
        series = {Werkstatt Bionik und Evolutionstechnik},
        volume = 1,
        year = 1994,
        biburl = {http://www.bibsonomy.org/bibtex/2a372fa69c147b15c2d43ae5a53c052ff/danfunky},
	keywords = {computing evolution evolutionary strategies,},
    timestamp = {2009.05.23}, owner = {D047718}
   
  }
  
 @phdthesis{Rechenberg:1971,
    author = {Ingo Rechenberg},
    citeulike-article-id = {2514745},
    keywords = {bibtex-import, daanbib},
    posted-at = {2008-03-11 13:03:28},
    priority = {2},
    school = {TU Berlin},
    title = {Evolutionsstrategie: Optimierung technischer Systeme nach Prinzipien der biologischen Evolution},
    year = {1971}
}

	

@book{Koza:1992,
    author = {Koza, John R.},
    citeulike-article-id = {168404},
    citeulike-linkout-0 = {http://www.amazon.ca/exec/obidos/redirect?tag=citeulike09-20&amp;path=ASIN/0262111705},
    citeulike-linkout-1 = {http://www.amazon.de/exec/obidos/redirect?tag=citeulike01-21&amp;path=ASIN/0262111705},
    citeulike-linkout-2 = {http://www.amazon.fr/exec/obidos/redirect?tag=citeulike06-21&amp;path=ASIN/0262111705},
    citeulike-linkout-3 = {http://www.amazon.jp/exec/obidos/ASIN/0262111705},
    citeulike-linkout-4 = {http://www.amazon.co.uk/exec/obidos/ASIN/0262111705/citeulike00-21},
    citeulike-linkout-5 = {http://www.amazon.com/exec/obidos/redirect?tag=citeulike07-20&path=ASIN/0262111705},
    citeulike-linkout-6 = {http://www.worldcat.org/isbn/0262111705},
    citeulike-linkout-7 = {http://books.google.com/books?vid=ISBN0262111705},
    citeulike-linkout-8 = {http://www.amazon.com/gp/search?keywords=0262111705&index=books&linkCode=qs},
    citeulike-linkout-9 = {http://www.librarything.com/isbn/0262111705},
    day = {11},
    howpublished = {Hardcover},
    isbn = {0262111705},
    keywords = {evolutionary-computation, genetic-programming},
    month = {December},
    posted-at = {2007-09-05 15:42:15},
    priority = {1},
    publisher = {The MIT Press},
    title = {Genetic Programming: On the Programming of Computers by Means of Natural Selection (Complex Adaptive Systems)},
    url = {http://www.amazon.com/exec/obidos/redirect?tag=citeulike07-20&path=ASIN/0262111705},
    year = {1992}
}


%Queda mal en el pdf
%and Owens, A. J. and Walsh, M. J.
@book{Fogel:1966,
  author = {L. J. Fogel},
  
  interHash = {b00ad1a37b66d622871464122f835a33},
  intraHash = {9d818cb6fb7eadbec0af8f9d617168cc},
  publisher = {Wiley, Chichester, UK},
  title = {Artificial Intelligence through Simulated Evolution },
  year = {1966},
  added = {2008-04-21 15:36:38 +0200},
  modified = {2008-05-16 11:35:59 +0200}
}

@article{Darwin:1859,
  author = {Charles Darwin},
  interHash = {06f1d4b824e05c43651fb9ee64b376b5},
  intraHash = {08e506dea11681a9ec8ed9eb6129c812},
  journal = {John Murray, London},
  number = {1},
  pages = {1--556},
  title = {On the origin of species by means of natural selection, or the preservation of favoured races in the struggle for life},
  year = {1859},
  added = {2009-09-28 21:54:45 +0200},
  rating = {0},
  uri = {papers://7B65697B-E216-4648-8A41-C67830C0DC73/Paper/p45834},
  modified = {2009-11-10 09:44:24 +0100},
 }

@article{bayes-1763:bayes-theorem,
	Author = {Bayes, Thomas},
	Date-Added = {2008-05-08 02:37:11 -0400},
	Date-Modified = {2008-05-08 02:39:17 -0400},
	Journal = {Philosophical Transactions of the Royal Society of London},
	Pages = {370--418},
	Title = {An essay towards solving a problem in the doctrine of chances},
	Volume = {53},
	Year = {1763}}
	
@InProceedings{Cooperman-Kunkle:2007,
  author    = {Daniel Kunkle and
               Gene Cooperman},
  title     = {Twenty-six moves suffice for Rubik's cube},
  booktitle = {ISSAC},
  year      = {2007},
  pages     = {235-242},
  ee        = {http://doi.acm.org/10.1145/1277548.1277581},
  bibsource = {DBLP, http://dblp.uni-trier.de}
}
	
	
@InProceedings{Cramer:1985,
  author =       "Nichael Lynn Cramer",
  title =        "A representation for the Adaptive Generation of Simple
                 Sequential Programs",
  year =         "1985",
  booktitle =    "Proceedings of an International Conference on Genetic
                 Algorithms and the Applications",
  address =      "Carnegie-Mellon University, Pittsburgh, PA, USA",
  month =        "24-26 " # jul,
  editor =       "John J. Grefenstette",
  pages =        "183--187",
  size =         "5 pages",
  URL =          "http://www.sover.net/~nichael/nlc-publications/icga85/index.html",
  keywords =     "genetic algorithms, genetic programming, memory"
}
	
@BOOK{Holland:1975,
  title = {Adaptation in Natural and Artificial Systems},
  publisher = {University of Michigan Press},
  year = {1975},
  author = { J. H. Holland},
  address = {Ann Arbor, MI},
  tcga = {B00045}
}

@BOOK{LangdonPoli:2002,
 title = {Foundations of genetic programming},
 year = {2002},
 isbn = {3-540-42451-2},
 publisher = {Springer-Verlag New York, Inc.},
 address = {New York, NY, USA},
 author = {  William B. Langdon and Riccardo Poli}

 }
 
@INPROCEEDINGS{HarriesSmith:1997,
    author = {Kim Harries and Peter Smith},
    title = {Exploring Alternative Operators and Search Strategies in Genetic Programming},
    booktitle = {Genetic Programming 1997: Proceedings of the Second Annual Conference},
    year = {1997},
    pages = {147--155},
    publisher = {Morgan Kaufmann}
}

@TECHREPORT{LangdonPoli:1998,
    author = {Riccardo Poli and W.B. Langdon},
    title = {On the Ability to Search the Space of Programs of Standard, One-point and Uniform Crossover in Genetic Programming},
    year = {1998},
    institution = {NY}
}

@INPROCEEDINGS{Kinnear:1993,
    author = {Kenneth E. Kinnear Jr},
    title = {Evolving a Sort: Lessons in Genetic Programming},
    booktitle = {in Proceedings of the 1993 International Conference on Neural Networks},
    year = {1993},
    pages = {881--888},
    publisher = {IEEE Press}
}

@misc{ wiki:Rubik,
   author = "Wikipedia",
   title = "Rubik's Cube - Wikipedia, The Free Encyclopedia",
   year = "2009",
   url = "http://en.wikipedia.org/wiki/Rubik's_Cube",
   note = "[Online; accessed 2009]"
 }
 @BOOK{Singmaster:1981,
 title = {Notes on Rubik's 'Magic Cube'},
 year = {1981},
 isbn = {0-1400-6149-5},
 publisher = {Penguin Books},
 address = {Harmondsworth, UK},
 author = {  David Singmaster}
 }

@misc{MasonECJ,

   author = "Sean Luke",
  title =     {A Java-based Evolutionary Computation Research System},
  note =     {[online] \url{http://cs.gmu.edu/~eclab/projects/ecj/}},
   year = "2009",
  url = {http://cs.gmu.edu/~eclab/projects/ecj/}
}
 
@misc{Randelshofer,
   author = "Werner Randelshofer",
  title =     {CubeTwister},
  note =     {[online] \url{http://www.randelshofer.ch/cubetwister/}},
   year = "2009",
  url = {http://www.randelshofer.ch/cubetwister/}
}